----------
Document:,10-K
----------
Table Title:,"Market for Registrant's Common Equity, Related Stockholder Matters and Issuer Purchases of Equity Securities"
Period,Total Numberof SharesPurchased,AveragePrice Paidper Share,Total Number ofShares Purchasedas Part of PubliclyAnnounced Plansor Programs,Maximum Number(or Approximate Dollar Value) ofShares that May YetBe Purchased Underthe Plans orPrograms
"October 1 - 31, 2018","8,500","2,382.65","8,500","284,070"
"November 1 - 30, 2018","32,909","2,361.91","32,909","206,342"
"December 1 - 31, 2018","37,182","2,441.61","37,182","415,558"
Total,"78,591","2,401.86","78,591",


Table Title:,STOCK PERFORMANCE GRAPH
Comparison of 5 Year Cumulative Total Return,2013,2014,2015,2016,2017,2018
"NVR, Inc.",100,124,160,163,342,238
S&P 500,100,114,115,129,157,150
Dow Jones US Home Construction,100,108,119,111,196,134


Table Title:,Selected Financial Data
Line Item,YE 12/31/2018,YE 12/31/2017,YE 12/31/2016,YE 12/31/2015,YE 12/31/2014
Consolidated income statement data:,,,,,
Homebuilding data:,,,,,
Revenues,"7,004,304","6,175,521","5,709,223","5,065,200","4,375,059"
Gross profit,"1,312,177","1,185,143","1,001,362","946,418","806,473"
Homebuilding income,"871,106","776,370","601,102","555,329","427,884"
Mortgage Banking data:,,,,,
Mortgage banking fees,"159,370","130,319","113,321","93,808","69,509"
Mortgage banking income,"88,626","70,541","60,595","47,883","25,662"
Consolidated data:,,,,,
Net income,"797,197","537,521","425,262","382,927","281,630"
Earnings per share:,,,,,
Basic,219.58,144.00,110.53,95.21,65.83
Diluted,194.80,126.77,103.61,89.99,63.50
Weighted average number of shares outstanding:,,,,,
Basic,"3,631","3,733","3,847","4,022","4,278"
Diluted,"4,092","4,240","4,104","4,255","4,435"
December 31,,,,,
2018,2017,2016,2015,2014,
Consolidated balance sheet data:,,,,,
Homebuilding inventory,"1,253,110","1,246,199","1,092,100","1,006,526","869,486"
"Contract land deposits, net","396,177","370,429","379,844","343,295","294,676"
Total assets,"3,165,933","2,989,279","2,643,943","2,511,718","2,347,413"
Notes and loans payable,"597,681","597,066","596,455","595,847","595,244"
Shareholders' equity,"1,808,562","1,605,492","1,304,441","1,239,165","1,124,255"
Cash dividends per share,0,0,0,0,0
FootNotes:
1,Balance does not include non-recourse debt related to the consolidated variable interest entity.


Table Title:,Homebuilding Operations
Line Item,YE 12/31/2018,YE 12/31/2017,YE 12/31/2016
Financial data:,,,
Revenues,"7,004,304","6,175,521","5,709,223"
Cost of sales,"5,692,127","4,990,378","4,707,861"
Gross profit margin percentage,18.7,19.2,17.5
"Selling, general and administrative expenses","428,874","392,272","382,459"
Operating data:,,,
New orders (units),"18,281","17,608","15,583"
Average new order price,376.3,383.2,386.4
Settlements (units),"18,447","15,961","14,928"
Average settlement price,379.7,386.9,381.2
Backlog (units),"8,365","8,531","6,884"
Average backlog price,376.9,384.2,392.8
New order cancellation rate,14.5,14.0,15.5


Table Title:,Selected Segment Financial Data
Line Item,YE 12/31/2018,YE 12/31/2017,YE 12/31/2016
Revenues:,,,
Mid Atlantic,"3,893,358","3,543,687","3,319,776"
North East,"580,726","517,141","462,385"
Mid East,"1,455,834","1,250,165","1,192,472"
South East,"1,074,386","864,528","734,590"


Table Title:,Selected Segment Financial Data_2
Line Item,YE 12/31/2018,YE 12/31/2017,YE 12/31/2016
Gross profit margin:,,,
Mid Atlantic,"726,655","663,650","561,857"
North East,"115,169","104,501","68,808"
Mid East,"279,050","244,832","215,335"
South East,"211,870","173,961","137,787"


Table Title:,Selected Segment Financial Data_3
Line Item,YE 12/31/2018,YE 12/31/2017,YE 12/31/2016
Gross profit margin percentage:,,,
Mid Atlantic,18.7,18.7,16.9
North East,19.8,20.2,14.9
Mid East,19.2,19.6,18.1
South East,19.7,20.1,18.8


Table Title:,Selected Segment Financial Data_4
Line Item,YE 12/31/2018,YE 12/31/2017,YE 12/31/2016
Segment profit:,,,
Mid Atlantic,"462,178","398,494","301,173"
North East,"69,789","60,218","21,947"
Mid East,"175,134","149,639","121,166"
South East,"118,296","95,826","71,098"


Table Title:,Segment Operating Activity
Line Item,Units,AveragePrice
"New orders, net of cancellations:",,
Mid Atlantic,"8,906",429.4
North East,"1,296",400.4
Mid East,"4,314",328.0
South East,"3,765",297.7
Total,"18,281",376.3


Table Title:,Segment Operating Activity_2
Line Item,Units,AveragePrice
Settlements:,,
Mid Atlantic,"8,982",433.4
North East,"1,415",410.4
Mid East,"4,406",330.4
South East,"3,644",294.8
Total,"18,447",379.7


Table Title:,Segment Operating Activity_3
Line Item,Units,AveragePrice
Backlog:,,
Mid Atlantic,"4,148",423.4
North East,563,404.1
Mid East,"1,806",336.2
South East,"1,848",304.1
Total,"8,365",376.9


Table Title:,Operating Data
Line Item,YE 12/31/2018,YE 12/31/2017,YE 12/31/2016
New order cancellation rate:,,,
Mid Atlantic,15.2,15.2,15.7
North East,12.5,13.3,15.1
Mid East,12.9,11.5,14.4
South East,15.5,14.3,16.5


Table Title:,Operating Data_2
Line Item,YE 12/31/2018,YE 12/31/2017,YE 12/31/2016
Average active communities:,,,
Mid Atlantic,234,238,239
North East,36,42,42
Mid East,119,121,128
South East,88,84,76
Total,477,485,485


Table Title:,Homebuilding Inventory
Line Item,2018,2017
Sold inventory:,,
Mid Atlantic,"622,997","617,471"
North East,"79,530","96,412"
Mid East,"195,149","173,572"
South East,"182,458","151,219"
Total,"1,080,134","1,038,674"


Table Title:,Homebuilding Inventory_2
Line Item,2018,2017
Unsold lots and housing units inventory:,,
Mid Atlantic,"74,689","118,209"
North East,"11,088","6,666"
Mid East,"9,045","7,112"
South East,"20,611","13,511"
Total,"115,433","145,498"


Table Title:,Lots Controlled and Land Deposits
Line Item,2018,2017
Total lots controlled:,,
Mid Atlantic,"40,350","38,450"
North East,"8,950","7,000"
Mid East,"24,350","22,250"
South East,"26,050","21,000"
Total,"99,700","88,700"


Table Title:,Lots Controlled and Land Deposits_2
Line Item,2018,2017
"Contract land deposits, net:",,
Mid Atlantic,"199,917","209,759"
North East,"42,591","29,851"
Mid East,"52,899","49,838"
South East,"104,693","82,977"
Total,"400,100","372,425"


Table Title:,Lots Controlled and Land Deposits_3
Line Item,YE 12/31/2018,YE 12/31/2017,YE 12/31/2016
"Contract land deposit impairments, net:",,,
Mid Atlantic,"2,743","2,945","2,240"
North East,"1,033",290,"3,530"
Mid East,211,11,303
South East,"1,911",99,791
Total,"5,898","3,345","6,864"


Table Title:,Homebuilding Segment Reconciliations to Consolidated Homebuilding Operations
Line Item,YE 12/31/2018,YE 12/31/2017,YE 12/31/2016
Homebuilding consolidated gross profit:,,,
Mid Atlantic,"726,655","663,650","561,857"
North East,"115,169","104,501","68,808"
Mid East,"279,050","244,832","215,335"
South East,"211,870","173,961","137,787"
Consolidation adjustments and other,"(20,567","(1,801","17,575"
Homebuilding consolidated gross profit,"1,312,177","1,185,143","1,001,362"


Table Title:,Homebuilding Segment Reconciliations to Consolidated Homebuilding Operations_2
Line Item,YE 12/31/2018,YE 12/31/2017,YE 12/31/2016
Homebuilding consolidated profit before taxes:,,,
Mid Atlantic,"462,178","398,494","301,173"
North East,"69,789","60,218","21,947"
Mid East,"175,134","149,639","121,166"
South East,"118,296","95,826","71,098"
Reconciling items:,,,
Contract land deposit impairment reserve,783,"1,307","10,933"
Equity-based compensation expense,"(70,865","(41,144","(40,482"
Corporate capital allocation,"213,903","198,384","189,992"
Unallocated corporate overhead,"(89,973","(89,514","(89,376"
Consolidation adjustments and other,"15,829","26,143","35,204"
Corporate interest expense,"(23,968","(22,983","(20,553"
Reconciling items sub-total,"45,709","72,193","85,718"
Homebuilding consolidated profit before taxes,"871,106","776,370","601,102"


Table Title:,Homebuilding Segment Reconciliations to Consolidated Homebuilding Operations_3
Line Item,YE 12/31/2018,YE 12/31/2017,YE 12/31/2016
Corporate capital allocation charge:,,,
Mid Atlantic,"123,855","123,028","119,758"
North East,"17,893","16,115","18,132"
Mid East,"35,803","29,663","28,303"
South East,"36,352","29,578","23,799"
Total corporate capital allocation charge,"213,903","198,384","189,992"


Table Title:,Mortgage Banking Segment
Capture rate,88
Mortgage banking fees:,
Net gain on sale of loans,"122,755"
Title services,"36,001"
Servicing fees,614
"159,370","130,319"


Table Title:,Item 7A.    Quantitative and Qualitative Disclosure About Market Risk
Line Item,2019,2020,2021,2022,2023,Thereafter,Total,FairValue
Mortgage banking segment,,,,,,,,
Interest rate sensitive assets:,,,,,,,,
Mortgage loans held for sale,"447,444",0,0,0,0,0,"447,444","458,324"
Average interest rate,4.8,0,0,0,0,0,4.8,
Other:,,,,,,,,
Forward trades of mortgage-backed securities (a),"(10,057",0,0,0,0,0,"(10,057","(10,057"
Forward loan commitments (a),"13,486",0,0,0,0,0,"13,486","13,486"
Homebuilding segment,,,,,,,,
Interest rate sensitive assets:,,,,,,,,
Interest-bearing deposits,"571,841",0,0,0,0,0,"571,841","571,841"
Average interest rate,2.4,0,0,0,0,0,2.4,
Interest rate sensitive liabilities:,,,,,,,,
Fixed rate obligations,0,0,0,"600,000",0,0,"600,000","594,000"
Average interest rate,0,0,0,4.0,0,0,4.0,


Table Title:,"Executive Officers of the Registrant     Directors, Executive Officers, and Corporate Governance"
Name,Age,Positions
Paul C. Saville,63,President and Chief Executive Officer of NVR
Daniel D. Malzahn,49,"Senior Vice President, Chief Financial Officer and Treasurer of NVR"
Jeffrey D. Martchek,53,President of Homebuilding Operations of NVR
Paul W. Praylo,47,Senior Vice President and Chief Operating Officer
Robert W. Henley,52,President of NVRM
Eugene J. Bredow,49,Senior Vice President and Chief Administrative Officer


Table Title:,Equity Compensation Plan Information
Plan category,"Number of securities to beissued upon exercise ofoutstanding options,warrants and rights","Weighted-averageexercise price ofoutstanding options,warrants and rights",Number of securitiesremaining available forfuture issuance underequity compensationplans (excludingsecurities reflected in thefirst column)
Equity compensation plans approved by security holders,"1,007,378","1,796.52","257,485"
Equity compensation plans not approved by security holders,"62,634",703.00,0
Total,"1,070,012","1,732.51","257,485"


Table Title:,2.    Exhibits
Exhibit Number,Exhibit Description,Form,FileNumber,ExhibitNumber,Filing Date
3.1,"Restated Articles of Incorporation of NVR, Inc.",10-K,3.1,2/25/2011,
3.2,"Bylaws, as amended, of NVR, Inc.",8-K,3.1,3/17/2016,
4.1,"Indenture dated as of April 14, 1998 between NVR, Inc., as issuer and the Bank of New York as trustee",8-K,4.3,4/23/1998,
4.2,Form of Note .,8-K,4.5,4/23/1998,
4.3,"Fifth Supplemental Indenture dated September 10, 2012 among NVR, Inc. and U.S. Bank Trust National Association",8-K,4.1,9/10/2012,
4.4,Form of Global Note.,8-K,4.2,9/10/2012,
10.1,"Amended and Restated Employment Agreement between NVR, Inc. and Paul C. Saville dated November 4, 2015",10-Q,10.1,11/6/2015,
10.2,"Amended and Restated Employment Agreement between NVR, Inc. and Daniel D. Malzahn dated November 4, 2015",10-Q,10.2,11/6/2015,
10.3,"Amended and Restated Employment Agreement between NVR, Inc. and Robert W. Henley dated November 4, 2015",10-Q,10.3,11/6/2015,
10.4,"Amended and Restated Employment Agreement between NVR, Inc. and Eugene J. Bredow dated November 4, 2015",10-Q,10.4,11/6/2015,
10.5,"Employment Agreement between NVR, Inc. and Jeffrey D. Martchek dated January 1, 2016",10-K,10.5,2/17/2016,
10.6,"Amendment No. 1 to Employment Agreement between NVR, Inc. and Jeffrey D. Martchek dated April 18, 2017",8-K,10.1,4/18/2017,
10.7,"Amendment No.  1 to Employment Agreement between NVR, Inc. and Eugene J. Bredow dated March 1, 2018",10-Q,10.1,5/1/2018,
10.8,"Employment Agreement between NVR, Inc. and Paul W. Praylo dated January 28, 2019.  Filed herewith",,,,
10.9,"Profit Sharing Plan of NVR, Inc. and Affiliated Companies.",S-8,333-29241,4.1,6/13/1997
10.10,"Employee Stock Ownership Plan of NVR, Inc.",10-K/A,12/31/1994,,
10.11,"NVR, Inc. 1998 Management Long-Term Stock Option Plan",S-8,333-79951,4,6/4/1999
10.12,"NVR, Inc. 2000 Broadly-Based Stock Option Plan",S-8,333-56732,99.1,3/8/2001


Table Title:,2.    Exhibits_2
Exhibit Number,Exhibit Description,Form,FileNumber,ExhibitNumber,Filing Date
10.13,"Amended and Restated NVR, Inc. Nonqualified Deferred Compensation Plan.",10-Q,10.5,11/6/2015,
10.14,"First Amendment to NVR, Inc. Nonqualified Deferred Compensation Plan.",10-K,10.36,2/15/2017,
10.15,Description of the Board of Directors' compensation arrangement.  Filed herewith.,,,,
10.16,"NVR, Inc. 2018 Equity Incentive Plan",S-8,333-224629,10.1,5/3/2018
10.17,"The Form of Non-Qualified Stock Option Agreement (Management time-based grants) under the NVR, Inc. 2018 Equity Incentive Plan",8-K,10.1,5/14/2018,
10.18,"The Form of Non-Qualified Stock Option Agreement (Director time-based grants) under the NVR, Inc. 2018 Equity Incentive Plan",8-K,10.2,5/14/2018,
10.19,"The Form of Non-Qualified Stock Option Agreement (Management performance-based grants) under the NVR, Inc. 2018 Equity Incentive Plan",8-K,10.3,5/14/2018,
10.20,"The Form of Non-Qualified Stock Option Agreement (Director performance-based grants) under the NVR, Inc. 2018 Equity Incentive Plan",8-K,10.4,5/14/2018,
10.21,"The Form of Restricted Share Units Agreement (Management grants) under the NVR, Inc. 2018 Equity Incentive Plan",8-K,10.5,5/14/2018,
10.22,"The Form of Restricted Share Units Agreement (Director grants) under the NVR, Inc. 2018 Equity Incentive Plan",8-K,10.6,5/14/2018,
10.23,"NVR, Inc. 2014 Equity Incentive Plan",S-8,333-195756,10.1,5/7/2014
10.24,"The Form of Non-Qualified Stock Option Agreement (Management time-based grants) under the NVR, Inc. 2014 Equity Incentive Plan",10-K,10.2,2/14/2018,
10.25,"The Form of Non-Qualified Stock Option Agreement (Director time-based grants) under the NVR, Inc. 2014 Equity Incentive Plan",8-K,10.2,5/7/2014,
10.26,"The Form of Non-Qualified Stock Option Agreement (Management performance-based grants) under the NVR, Inc. 2014 Equity Incentive Plan",10-K,10.17,2/14/2018,
10.27,"The Form of Non-Qualified Stock Option Agreement (Director performance-based grants) under the NVR, Inc. 2014 Equity Incentive Plan",8-K,10.4,5/7/2014,
10.28,"NVR, Inc. 2010 Equity Incentive Plan",S-8,333-166512,10.1,5/4/2010
10.29,"The Amended Form of Non-Qualified Stock Option Agreement (Management grants) under the NVR, Inc. 2010 Equity Incentive Plan.  Filed herewith",,,,
10.30,"The Form of Non-Qualified Stock Option Agreement (Management performance-based grants) under the NVR, Inc. 2010 Equity Incentive Plan.  Filed herewith",,,,
10.31,"The Form of Non-Qualified Stock Option Agreement (Director grants) under the NVR, Inc. 2010 Equity Incentive Plan",8-K,10.2,5/6/2010,
10.32,"The Form of Restricted Share Units Agreement (Management grants) under the NVR, Inc. 2010 Equity Incentive Plan",10-Q,10.2,7/30/2013,
10.33,"The Form of Restricted Share Units Agreement (Director grants) under the NVR, Inc. 2010 Equity Incentive Plan",8-K,10.4,5/6/2010,


Table Title:,2.    Exhibits_3
Exhibit Number,Exhibit Description,Form,FileNumber,ExhibitNumber,Filing Date
10.34,"The Form of Non-Qualified Stock Option Agreement under the NVR, Inc. 2000 Broadly-Based Stock Option Plan",8-K,10.1,1/7/2008,
10.35,"Amended and Restated Master Repurchase Agreement dated as of August 2, 2011, between NVR Mortgage Finance, Inc. and U.S. Bank National Association",8-K,10.1,1/21/2016,
10.36,"First Amendment to Amended and Restated Master Repurchase Agreement dated as of August 1, 2012, between NVR Mortgage Finance, Inc. and U.S. Bank National Association",8-K,10.2,1/21/2016,
10.37,"Second Amendment to Amended and Restated Master Repurchase Agreement dated as of November 13, 2012, between NVR Mortgage Finance, Inc. and U.S. Bank National Association",8-K,10.3,1/21/2016,
10.38,"Third Amendment to Amended and Restated Master Repurchase Agreement dated as of November 29, 2012, between NVR Mortgage Finance, Inc. and U.S. Bank National Association",8-K,10.4,1/21/2016,
10.39,"Fourth Amendment to Amended and Restated Master Repurchase Agreement dated as of July 31, 2013, between NVR Mortgage Finance, Inc. and U.S. Bank National Association",8-K,10.5,1/21/2016,
10.40,"Fifth Amendment to Amended and Restated Master Repurchase Agreement dated as of July 30, 2014, between NVR Mortgage Finance, Inc. and U.S. Bank National Association",8-K,10.6,1/21/2016,
10.41,"Sixth Amendment to Amended and Restated Master Repurchase Agreement dated as of July 29, 2015, between NVR Mortgage Finance, Inc. and U.S. Bank National Association",8-K,10.7,1/21/2016,
10.42,"Seventh Amendment to Amended and Restated Master Repurchase Agreement dated as of January 18, 2016, between NVR Mortgage Finance, Inc. and U.S. Bank National Association",8-K,10.8,1/21/2016,
10.43,"Eighth Amendment to Amended and Restated Master Repurchase Agreement dated as of July 27, 2016, between NVR Mortgage Finance, Inc. and U.S. Bank National Association",10-Q,10.2,7/28/2016,
10.44,"Ninth Amendment to Amended and Restated Master Repurchase Agreement dated as of July 26, 2017, between NVR Mortgage Finance, Inc. and U.S. Bank National Association",10-Q,10.1,7/28/2017,
10.45,"Tenth Amendment to Amended and Restated Master Repurchase Agreement dated as of July 25, 2018 between NVR Mortgage Finance, Inc. and U.S. Bank National Association",10-Q,10.1,7/30/2018,
10.46,"Credit Agreement dated as of July 15, 2016 among NVR, Inc. and the lenders party hereto, Bank of America, N.A., as Administrative Agent, Swing Line Lender and L/C Issuer, and Merrill Lynch, Pierce, Fenner & Smith Incorporated as Sole Lead Arranger and Sole Book Runner",8-K,10.1,7/18/2016,
10.47,Summary of 2019 Executive Officer annual incentive compensation plan.  Filed herewith,,,,
21,"NVR, Inc. Subsidiaries. Filed herewith.",,,,
23,Consent of KPMG LLP . Filed herewith.,,,,


Table Title:,2.    Exhibits_4
Exhibit Number,Exhibit Description,Form,FileNumber,ExhibitNumber,Filing Date
31.1,Certification of NVR's Chief Executive Officer pursuant to Rule 13a-14(a). Filed herewith,,,,
31.2,Certification of NVR's Chief Financial Officer pursuant to Rule 13a-14(a). Filed herewith,,,,
32,"Certification of NVR's Chief Executive Officer and Chief Financial Officer pursuant to 18 U.S.C. Section 1350, as adopted pursuant to Section 906 of the Sarbanes-Oxley Act of 2002. Filed herewith",,,,
101.INS,XBRL Instance Document,,,,
101.SCH,XBRL Taxonomy Extension Schema Document,,,,
101.CAL,XBRL Taxonomy Extension Calculation Linkbase Document,,,,
101.DEF,XBRL Taxonomy Extension Definition Linkbase Document,,,,
101.LAB,XBRL Taxonomy Extension Label Linkbase Document,,,,
101.PRE,XBRL Taxonomy Extension Presentation Linkbase Document,,,,
* Exhibit is a management contract or compensatory plan or arrangement.,,,,,


Table Title:,SIGNATURES
"NVR, Inc"
By:
Paul C. Saville
President and Chief Executive Officer


Table Title:,SIGNATURES_2
Signature,Title,Date
/s/ Dwight C. Schar,Chairman,"February 13, 2019"
Dwight C. Schar,,
/s/ C. E. Andrews,Director,"February 13, 2019"
C. E. Andrews,,
/s/ Timothy M. Donahue,Director,"February 13, 2019"
Timothy M. Donahue,,
/s/ Thomas D. Eckert,Director,"February 13, 2019"
Thomas D. Eckert,,
/s/ Alfred E. Festa,Director,"February 13, 2019"
Alfred E. Festa,,
/s/ Ed Grier,Director,"February 13, 2019"
Ed Grier,,
/s/ Manuel H. Johnson,Director,"February 13, 2019"
Manuel H. Johnson,,
/s/ Alexandra A. Jung,Director,"February 13, 2019"
Alexandra A. Jung,,
/s/ Mel Martinez,Director,"February 13, 2019"
Mel Martinez,,
/s/ William A. Moran,Director,"February 13, 2019"
William A. Moran,,
/s/ David A. Preiser,Director,"February 13, 2019"
David A. Preiser,,
/s/ W. Grady Rosier,Director,"February 13, 2019"
W. Grady Rosier,,
/s/ Susan Williamson Ross,Director,"February 13, 2019"
Susan Williamson Ross,,
/s/ Paul C. Saville,Principal Executive Officer,"February 13, 2019"
Paul C. Saville,,
/s/ Daniel D. Malzahn,Principal Financial Officer,"February 13, 2019"
Daniel D. Malzahn,,
/s/ Matthew B. Kelpy,Principal Accounting Officer,"February 13, 2019"
Matthew B. Kelpy,,


Table Title:,"NVR, Inc"
Total assets,"3,165,933","2,989,279"
LIABILITIES AND SHAREHOLDERS' EQUITY,,
Homebuilding:,,
Accounts payable,"244,496","261,973"
Accrued expenses and other liabilities,"332,871","341,891"
Customer deposits,"138,246","150,033"
Senior notes,"597,681","597,066"
"1,313,294","1,350,963",
Mortgage Banking:,,
Accounts payable and other liabilities,"44,077","32,824"
"44,077","32,824",
Total liabilities,"1,357,371","1,383,787"
Commitments and contingencies,,
Shareholders' equity:,,
"Common stock, $0.01 par value; 60,000,000 shares authorized; 20,555,330 shares issued as of both December 31, 2018 and December 31, 2017",206,206
Additional paid-in capital,"1,820,223","1,644,197"
"Deferred compensation trust - 107,340 and 108,640 shares of NVR, Inc. common stock as of December 31, 2018 and December 31, 2017, respectively","(16,937","(17,383"
Deferred compensation liability,"16,937","17,383"
Retained earnings,"7,031,333","6,231,940"
"Less treasury stock at cost - 16,977,499 and 16,864,324 shares as of December 31, 2018 and December 31, 2017, respectively","(7,043,200","(6,270,851"
Total shareholders' equity,"1,808,562","1,605,492"
Total liabilities and shareholders' equity,"3,165,933","2,989,279"


Table Title:,"NVR, Inc_2"
Income before taxes,"959,732","846,911","661,697"
Income tax expense,"(162,535","(309,390","(236,435"
Net income,"797,197","537,521","425,262"
Basic earnings per share,219.58,144.00,110.53
Diluted earnings per share,194.80,126.77,103.61
Basic weighted average shares outstanding,"3,631","3,733","3,847"
Diluted weighted average shares outstanding,"4,092","4,240","4,104"


Table Title:,"NVR, Inc_3"
"Balance, December 31, 2015",206,"1,447,795","5,270,114","(5,478,950",),"(17,333","17,333","1,239,165"
Net income,0,0,"425,262",0,0,0,"425,262",
"Deferred compensation activity, net",0,0,0,0,-42,42,0,
Purchase of common stock for treasury,0,0,0,"(455,351",0,0,"(455,351",
Equity-based compensation,0,"43,598",0,0,0,0,"43,598",
Tax benefit from equity benefit plan activity,0,"13,661",0,0,0,0,"13,661",
Proceeds from stock options exercised,0,"38,106",0,0,0,0,"38,106",
Treasury stock issued upon option exercise and restricted share vesting,0,"(27,332",0,"27,332",0,0,0,
"Balance, December 31, 2016",206,"1,515,828","5,695,376","(5,906,969","(17,375","17,375","1,304,441",
"Cumulative-effect adjustment from adoption of ASU 2016-09, net of tax",0,"1,566",-957,0,0,0,609,
Net income,0,0,"537,521",0,0,0,"537,521",
"Deferred compensation activity, net",0,0,0,0,-8,8,0,
Purchase of common stock for treasury,0,0,0,"(422,166",0,0,"(422,166",
Equity-based compensation,0,"44,562",0,0,0,0,"44,562",
Proceeds from stock options exercised,0,"140,525",0,0,0,0,"140,525",
Treasury stock issued upon option exercise and restricted share vesting,0,"(58,284",0,"58,284",0,0,0,
"Balance, December 31, 2017",206,"1,644,197","6,231,940","(6,270,851","(17,383","17,383","1,605,492",
"Cumulative-effect adjustment from adoption of ASU 2014-09, net of tax",0,0,"2,196",0,0,0,"2,196",
Net income,0,0,"797,197",0,0,0,"797,197",
"Deferred compensation activity, net",0,0,0,0,446,-446,0,
Purchase of common stock for treasury,0,0,0,"(846,134",0,0,"(846,134",
Equity-based compensation,0,"75,701",0,0,0,0,"75,701",
Proceeds from stock options exercised,0,"174,110",0,0,0,0,"174,110",
Treasury stock issued upon option exercise and restricted share vesting,0,"(73,785",0,"73,785",0,0,0,
"Balance, December 31, 2018",206,"1,820,223","7,031,333","(7,043,200","(16,937","16,937","1,808,562",


Table Title:,"NVR, Inc_4"
Line Item,YE 12/31/2018,YE 12/31/2017,YE 12/31/2016
Cash flows from operating activities:,,,
Net income,"797,197","537,521","425,262"
Adjustments to reconcile net income to net cash provided by operating activities:,,,
Depreciation and amortization,"20,168","22,667","22,269"
Equity-based compensation expense,"75,701","44,562","43,598"
"Contract land deposit and other impairments (recoveries), net","11,760","1,238","(4,269"
"Gain on sale of loans, net","(122,755","(99,132","(85,535"
Deferred tax expense (benefit),914,"61,290","(10,024"
Mortgage loans closed,"(4,828,615","(4,077,372","(3,660,269"
Mortgage loans sold and principal payments on mortgage loans held for sale,"4,845,999","4,182,220","3,710,250"
Distribution of earnings from unconsolidated joint ventures,"4,596","4,788","10,016"
Net change in assets and liabilities:,,,
Increase in inventory,"(6,911","(154,099","(85,194"
decrease in contract land deposits,"(30,863","8,177","(32,280"
Increase in receivables,"(1,008",-348,"(8,779"
(Decrease) increase in accounts payable and accrued expenses,"(30,713","10,789","58,532"
(Decrease) increase in customer deposits,"(11,787","27,797","11,271"
"Other, net",-557,256,"(1,860"
Net cash provided by operating activities,"723,126","570,354","392,988"
Cash flows from investing activities:,,,
Investments in and advances to unconsolidated joint ventures,-284,"(3,800",-653
Distribution of capital from unconsolidated joint ventures,"10,515","8,029","11,672"
"Purchase of property, plant and equipment","(19,665","(20,269","(22,369"
"Proceeds from the sale of property, plant and equipment","1,257",847,"1,000"
Net cash used in investing activities,"(8,177","(15,193","(10,350"
Cash flows from financing activities:,,,
Purchase of treasury stock,"(846,134","(422,166","(455,351"
Distributions to partner in consolidated variable interest entity,-234,0,-150
Proceeds from the exercise of stock options,"174,110","140,525","38,106"
Net cash used in financing activities,"(672,258","(281,641","(417,395"
"Net increase (decrease) in cash, restricted cash, and cash equivalents","42,691","273,520","(34,757"
"Cash, restricted cash, and cash equivalents, beginning of the year","689,557","416,037","450,794"
"Cash, restricted cash, and cash equivalents, end of the year","732,248","689,557","416,037"
Supplemental disclosures of cash flow information:,,,
"Interest paid during the year, net of interest capitalized","24,178","23,251","20,922"
"Income taxes paid during the year, net of refunds","181,166","260,232","218,984"


Table Title:,Earnings per Share
Line Item,YE 12/31/2018,YE 12/31/2017,YE 12/31/2016
Weighted average number of shares outstanding used to   calculate basic EPS,"3,631","3,733","3,847"
Dilutive securities:,,,
Stock options and restricted share units,461,507,257
Weighted average number of shares and share equivalents outstanding used to calculate diluted EPS,"4,092","4,240","4,104"


Table Title:,Earnings per Share_2
Line Item,YE 12/31/2018,YE 12/31/2017,YE 12/31/2016
Anti-dilutive securities,370,15,87


Table Title:,"NVR, Inc_5"
Line Item,YE 12/31/2018,YE 12/31/2017,YE 12/31/2016
Revenues:,,,
Homebuilding Mid Atlantic,"3,893,358","3,543,687","3,319,776"
Homebuilding North East,"580,726","517,141","462,385"
Homebuilding Mid East,"1,455,834","1,250,165","1,192,472"
Homebuilding South East,"1,074,386","864,528","734,590"
Mortgage Banking,"159,370","130,319","113,321"
Consolidated revenues,"7,163,674","6,305,840","5,822,544"


Table Title:,"NVR, Inc_6"
Line Item,YE 12/31/2018,YE 12/31/2017,YE 12/31/2016
Profit before taxes:,,,
Homebuilding Mid Atlantic,"462,178","398,494","301,173"
Homebuilding North East,"69,789","60,218","21,947"
Homebuilding Mid East,"175,134","149,639","121,166"
Homebuilding South East,"118,296","95,826","71,098"
Mortgage Banking,"93,462","73,959","63,711"
Total segment profit,"918,859","778,136","579,095"
Reconciling items:,,,
Contract land deposit reserve adjustment,783,"1,307","10,933"
Equity-based compensation expense,"(75,701","(44,562","(43,598"
Corporate capital allocation,"213,903","198,384","189,992"
Unallocated corporate overhead,"(89,973","(89,514","(89,376"
Consolidation adjustments and other,"15,829","26,143","35,204"
Corporate interest expense,"(23,968","(22,983","(20,553"
Reconciling items sub-total,"40,873","68,775","82,602"
Consolidated profit before taxes,"959,732","846,911","661,697"


Table Title:,"NVR, Inc_7"
Line Item,YE 12/31/2018,YE 12/31/2017,YE 12/31/2016
Corporate capital allocation charge:,,,
Homebuilding Mid Atlantic,"123,855","123,028","119,758"
Homebuilding North East,"17,893","16,115","18,132"
Homebuilding Mid East,"35,803","29,663","28,303"
Homebuilding South East,"36,352","29,578","23,799"
Total corporate capital allocation charge,"213,903","198,384","189,992"


Table Title:,"NVR, Inc_8"
Line Item,2018,2017
Assets:,,
Homebuilding Mid Atlantic,"1,018,953","1,079,225"
Homebuilding North East,"144,412","143,008"
Homebuilding Mid East,"290,815","263,019"
Homebuilding South East,"332,468","277,705"
Mortgage Banking,"517,075","397,052"
Total segment assets,"2,303,723","2,160,009"
Reconciling items:,,
Cash and cash equivalents,"688,783","645,087"
Deferred taxes,"112,333","111,953"
Intangible assets and goodwill,"49,989","50,144"
Contract land deposit reserve,"(29,216","(29,999"
Consolidation adjustments and other,"40,321","52,085"
Reconciling items sub-total,"862,210","829,270"
Consolidated assets,"3,165,933","2,989,279"


Table Title:,"NVR, Inc_9"
Line Item,YE 12/31/2018,YE 12/31/2017,YE 12/31/2016
Interest income:,,,
Mortgage Banking,"11,593","7,850","7,569"
Total segment interest income,"11,593","7,850","7,569"
Other unallocated interest income,"8,588","4,554","1,111"
Consolidated interest income,"20,181","12,404","8,680"


Table Title:,"NVR, Inc_10"
Line Item,YE 12/31/2018,YE 12/31/2017,YE 12/31/2016
Interest expense:,,,
Homebuilding Mid Atlantic,"123,908","123,075","119,808"
Homebuilding North East,"17,897","16,117","18,141"
Homebuilding Mid East,"35,804","29,663","28,307"
Homebuilding South East,"36,362","29,583","23,804"
Mortgage Banking,"1,045","1,148","1,086"
Total segment interest expense,"215,016","199,586","191,146"
Corporate capital allocation,"(213,903","(198,384","(189,992"
Senior Notes and other interest,"23,968","22,983","20,553"
Consolidated interest expense,"25,081","24,185","21,707"


Table Title:,"NVR, Inc_11"
Line Item,YE 12/31/2018,YE 12/31/2017,YE 12/31/2016
Depreciation and amortization:,,,
Homebuilding Mid Atlantic,"7,753","8,095","8,089"
Homebuilding North East,"1,600","2,034","2,053"
Homebuilding Mid East,"3,481","3,590","3,748"
Homebuilding South East,"2,523","2,531","2,276"
Mortgage Banking,"1,489","1,297","1,117"
Total segment depreciation and amortization,"16,846","17,547","17,283"
Unallocated corporate,"3,322","5,120","4,986"
Consolidated depreciation and amortization,"20,168","22,667","22,269"


Table Title:,"NVR, Inc_12"
Line Item,YE 12/31/2018,YE 12/31/2017,YE 12/31/2016
Expenditures for property and equipment:,,,
Homebuilding Mid Atlantic,"6,657","9,257","8,838"
Homebuilding North East,"1,074","1,299","3,423"
Homebuilding Mid East,"4,302","3,117","4,027"
Homebuilding South East,"2,732","3,313","3,594"
Mortgage Banking,"1,677","2,723",726
Total segment expenditures for property and equipment,"16,442","19,709","20,608"
Unallocated corporate,"3,223",560,"1,761"
Consolidated expenditures for property and equipment,"19,665","20,269","22,369"


Table Title:,"NVR, Inc_13"
Line Item, 12/31/2018, 12/31/2017
Contract land deposits,"425,393","400,428"
Loss reserve on contract land deposits,"(29,216","(29,999"
"Contract land deposits, net","396,177","370,429"
Contingent obligations in the form of letters of credit,"3,923","1,996"
Contingent specific performance obligations,"1,505","1,505"
Total risk of loss,"401,605","373,930"
FootNotes:
1,"As of both December 31, 2018 and 2017, the Company was committed to purchase 10 finished lots under specific performance obligations."


Table Title:,"NVR, Inc_14"
Line Item, 12/31/2018, 12/31/2017
Assets:,,
Cash,320,"1,069"
Other assets,0,37
Total assets,320,"1,106"
Liabilities and equity:,,
Accrued expenses,282,487
Equity,38,619
Total liabilities and equity,320,"1,106"


Table Title:,"NVR, Inc_15"
Line Item, 12/31/2018, 12/31/2017, 12/31/2016
"Interest capitalized, beginning of year","5,583","5,106","4,434"
Interest incurred,"26,277","26,384","25,951"
Interest charged to interest expense,"(25,081","(24,185","(21,707"
Interest charged to cost of sales,"(2,625","(1,722","(3,572"
"Interest capitalized, end of year","4,154","5,583","5,106"


Table Title:,"8.    Property, Plant and Equipment (""PP&E"")"
Line Item, 12/31/2018, 12/31/2017
Homebuilding:,,
Office facilities and other,"37,789","35,219"
Model home furniture and fixtures,"31,593","33,901"
Production facilities,"64,667","61,348"
Gross Homebuilding PP&E,"134,049","130,468"
Less: accumulated depreciation,"(91,815","(87,277"
Net Homebuilding PP&E,"42,234","43,191"
Mortgage Banking:,,
Office facilities and other,"13,724","14,069"
Less: accumulated depreciation,"(7,214","(7,742"
Net Mortgage Banking PP&E,"6,510","6,327"


Table Title:,10.    Common Stock
Line Item,YE 12/31/2018,YE 12/31/2017,YE 12/31/2016
Aggregate purchase price,"846,134","422,166","455,351"
Number of shares repurchased,301,167,280


Table Title:,11.    Income Taxes
Line Item,YE 12/31/2018,YE 12/31/2017,YE 12/31/2016
Current:,,,
Federal,"126,358","211,641","209,454"
State,"37,038","37,006","38,095"
Deferred:,,,
Federal,138,"60,785","(9,230"
State,-999,-42,"(1,884"
Income tax expense,"162,535","309,390","236,435"


Table Title:,11.    Income Taxes_2
Line Item, 12/31/2018, 12/31/2017
Deferred tax assets:,,
Other accrued expenses and contract land deposit reserve,"51,316","49,063"
Deferred compensation,"4,693","4,743"
Equity-based compensation expense,"40,744","36,799"
Inventory,"9,242","9,393"
Unrecognized tax benefit,"13,587","14,351"
Other,"5,113","9,681"
Total deferred tax assets,"124,695","124,030"
Less: Deferred tax liabilities,"6,091","4,511"
Net deferred tax asset,"118,604","119,519"


Table Title:,"NVR, Inc_16"
Line Item,YE 12/31/2018,YE 12/31/2017,YE 12/31/2016
Income taxes computed at the federal statutory rate,"201,544","296,419","231,595"
"State income taxes, net of federal income tax benefit","42,944","30,046","23,738"
Excess tax benefits from equity-based compensation,"(77,478","(58,681",0
Remeasurement of net deferred tax assets due to enactment of Tax Cut and Jobs Act,-497,"62,702",0
"Other, net","(3,978","(21,096","(18,898"
Income tax expense,"162,535","309,390","236,435"
FootNotes:
1,Excludes state excess tax benefits from equity-based compensation included in the line below.
2,"ASU 2016-09 adopted January 1, 2017.  Excess tax benefits related to equity-based compensation of $13,661 in 2016 were recorded to shareholders' equity."
3,"The enactment of the Tax Cuts and Jobs Act in December 2017 required a remeasurement of the Company's net deferred tax assets and resulted in additional income tax expense of $62,702."
4,"Primarily attributable to tax benefits from certain energy credits for the year ended December 31, 2018.  For the years ended December 31, 2017 and 2016, this was primarily attributable to tax benefits from the domestic production activities deduction. The domestic production activities deduction was eliminated effective January 1, 2018, following the enactment of the Tax Cuts and Jobs Act in December 2017."


Table Title:,"NVR, Inc_17"
Line Item,YE 12/31/2018,YE 12/31/2017
Balance at beginning of year,"45,337","46,110"
Additions based on tax positions related to the current year,"4,340","4,793"
Reductions for tax positions of prior years,"(6,259","(5,566"
Settlements,0,0
Balance at end of year,"43,418","45,337"


Table Title:,"Equity-Based Compensation Plans 12.    Equity-Based Compensation, Profit Sharing and Deferred Compensation Plans"
Equity-Based Compensation Plans,SharesAuthorized,Options/RSUsOutstanding,SharesAvailable to Issue
2000 Broadly-Based Stock Option Plan,"2,000",63,0
2010 Equity Incentive Plan,700,160,26
2014 Equity Incentive Plan,950,701,102
2018 Equity Incentive Plan,275,146,129


Table Title:,"Equity-Based Compensation Plans 12.    Equity-Based Compensation, Profit Sharing and Deferred Compensation Plans_2"
Total Options Granted,6,193,146
RSUs Granted,,,
RSUs,8,0,0
Performance-based RSUs,8,0,0
Total RSUs Granted,16,0,0


Table Title:,"NVR, Inc_18"
Line Item,Shares,Weighted Avg. Per ShareExercise Price,Weighted Avg. RemainingContract Life (years),AggregateIntrinsic Value
Stock Options,,,,
"Outstanding at December 31, 2017",916,"1,119.92",,
Granted,345,"3,013.61",,
Exercised,-182,954.49,,
Forfeited,-30,"1,283.48",,
"Outstanding at December 31, 2018","1,049","1,766.87",6.5,"910,014"
"Exercisable at December 31, 2018",466,"1,032.44",4.6,"655,141"
RSUs,,,,
"Outstanding at December 31, 2017",10,,,
Granted,16,,,
Vested,-5,,,
Forfeited,0,,,
"Outstanding at December 31, 2018",21,"50,719",,
"Vested, but not issued at December 31, 2018",5,"11,532",,


Table Title:,"NVR, Inc_19"
Line Item,2018,2017,2016
Estimated option life (years),5.06,5.26,5.27
Risk free interest rate (range),2.19%-3.13,1.53%-2.38,0.86%-2.21
Expected volatility (range),16.57%-20.05,15.09%-17.95,15.91%-23.49
Expected dividend rate,0,0,0
Weighted average grant-date fair value per share of options granted,687.81,494.17,320.21


Table Title:,"NVR, Inc_20"
Line Item,YE 12/31/2018,YE 12/31/2017,YE 12/31/2016
Aggregate exercise proceeds,"174,110","140,525","38,106"
Aggregate intrinsic value on exercise dates,"355,318","206,890","96,600"


Table Title:,13.    Commitments and Contingent Liabilities
Year Ending December 31
2019
2020
2021
2022
2023
Thereafter
"107,703"
Sublease income
"107,678"


Table Title:,13.    Commitments and Contingent Liabilities_2
Line Item,YE 12/31/2018,YE 12/31/2017,YE 12/31/2016
"Warranty reserve, beginning of year","94,513","93,895","87,407"
Provision,"62,553","44,652","50,787"
Payments,"(53,366","(44,034","(44,299"
"Warranty reserve, end of year","103,700","94,513","93,895"


Table Title:,"NVR, Inc_21"
Line Item,2018,2017
Rate lock commitments:,,
Gross assets,"13,831","5,400"
Gross liabilities,345,"1,832"
Net rate lock commitments,"13,486","3,568"
Forward sales contracts:,,
Gross assets,64,992
Gross liabilities,"10,121",667
Net forward sales contracts,"(10,057",325


Table Title:,"NVR, Inc_22"
Line Item,Notional orPrincipalAmount,AssumedGain/(Loss)From LoanSale,InterestRateMovementEffect,ServicingRightsValue,SecurityPriceChange,Total FairValueMeasurementGain/(Loss)
Rate lock commitments,"682,152","1,360","4,630","7,496",0,"13,486"
Forward sales contracts,"1,089,923",0,0,0,"(10,057","(10,057"
Mortgages held for sale,"447,444","1,267","3,637","5,976",0,"10,880"
Total fair value measurement,"2,627","8,267","13,472","(10,057","14,309",


Table Title:,16.    Quarterly Results (unaudited)
Line Item,4thQuarter,3rdQuarter,2ndQuarter,1stQuarter
Revenues - homebuilding operations,"1,954,403","1,809,345","1,750,463","1,490,093"
Gross profit - homebuilding operations,"363,668","336,696","333,666","278,147"
Mortgage banking fees,"40,145","43,062","36,842","39,321"
Net income,"232,158","195,816","203,174","166,049"
Diluted earnings per share,58.57,48.28,49.05,39.34
New orders (units),"3,841","4,302","4,964","5,174"
Settlements (units),"5,186","4,754","4,611","3,896"
"Backlog, end of period (units)","8,365","9,710","10,162","9,809"
Loans closed,"1,356,430","1,249,199","1,214,101","1,009,673"


Table Title:,16.    Quarterly Results (unaudited)_2
Line Item,4thQuarter,3rdQuarter,2ndQuarter,1stQuarter
Revenues - homebuilding operations,"1,781,494","1,633,726","1,512,714","1,247,587"
Gross profit - homebuilding operations,"343,187","325,755","294,631","221,570"
Mortgage banking fees,"34,842","34,194","31,778","29,505"
Net income,"124,619","162,102","147,877","102,923"
Diluted earnings per share,28.88,38.02,35.19,25.12
New orders (units),"4,306","4,200","4,678","4,424"
Settlements (units),"4,630","4,158","3,917","3,256"
"Backlog, end of period (units)","8,531","8,855","8,813","8,052"
Loans closed,"1,229,695","1,115,494","1,041,613","843,341"


----------
Document:,EXHIBIT 21
----------
Table Title:,"NVR, Inc. Subsidiaries Exhibit 21"
Line Item,Name of Subsidiary,State of Incorporation or Organization
"NVR Mortgage Finance, Inc.",Virginia,
"NVR Settlement Services, Inc.",Pennsylvania,
"RVN, Inc.",Delaware,
"NVR Services, Inc.",Delaware,
"NVR Funding II, Inc.",Delaware,


